@article{Almaraz2011,
	title        = {Size-mediated non-trophic interactions and stochastic predation drive assembly and dynamics in a seabird community},
	author       = {Almaraz, Pablo and Oro, Daniel},
	volume       = 92,
	number       = 10,
	pages        = {1948--1958},
	doi          = {10.1890/11-0181.1},
	date         = {2011-10},
	journaltitle = {Ecology}
}
@article{Bellman1970,
	title        = {On structural identifiability},
	author       = {Bellman, R. and Åström, K.J.},
	volume       = 7,
	number       = 3,
	pages        = {329--339},
	doi          = {10.1016/0025-5564(70)90132-X},
	date         = {1970-04},
	journaltitle = {Mathematical Biosciences}
}
@book{Caswell2001,
	title        = {Matrix population models: construction, analysis, and interpretation},
	author       = {Caswell, Hal},
	location     = {Sunderland, {MA}},
	publisher    = {Sinauer Associates},
	date         = 2001
}
@article{Caswell2010,
	title        = {Life table response experiment analysis of the stochastic growth rate},
	author       = {Caswell, Hal},
	volume       = 98,
	number       = 2,
	pages        = {324--333},
	doi          = {10.1111/j.1365-2745.2009.01627.x},
	date         = {2010-03},
	journaltitle = {Journal of Ecology}
}
@book{Caswell2019,
	title        = {Sensitivity Analysis: Matrix Methods in Demography and Ecology},
	author       = {Caswell, Hal},
	location     = {Cham},
	publisher    = {Springer International Publishing},
	doi          = {10.1007/978-3-030-10534-1},
	isbn         = {978-3-030-10533-4},
	date         = 2019,
	pagetotal    = 299
}
@article{Chantepie2016a,
	title        = {Age-related variation and temporal patterns in the survival of a long-lived scavenger},
	author       = {Chantepie, Stéphane and Teplitsky, Céline and Pavard, Samuel and Sarrazin, François and Descaves, Bruno and Lecuyer, Philippe and Robert, Alexandre},
	volume       = 125,
	number       = 2,
	pages        = {167--178},
	doi          = {10.1111/oik.02216},
	date         = {2016-02},
	journaltitle = {Oikos}
}
@book{Cole2020,
	title        = {Parameter Redundancy and Identifiability},
	author       = {Cole, Diana J},
	location     = {Boca Raton : {CRC} Press, [2020]},
	publisher    = {Chapman and Hall/{CRC}},
	doi          = {10.1201/9781315120003},
	isbn         = {978-1-315-12000-3},
	date         = {2020-05-11}
}
@article{Demerdzhiev2014,
	title        = {Long-term population status, breeding parameters and limiting factors of the Griffon vulture (Gyps fulvus Hablizl, 1783) population in the Eastern Rhodopes, Bulgaria},
	author       = {Demerdzhiev, Dimitar and Hristov, Hristo and Dobrev, Dobromir and Angelov, Ivaylo and Kurtev, Marin},
	volume       = 66,
	number       = 3,
	pages        = {373--384},
	date         = 2014,
	journaltitle = {Acta Zoologica Bulgarica}
}
@book{Durbin2001,
	title        = {{Time Series Analysis by State Space Methods}},
	author       = {Durbin, J and Koopman, S J},
	location     = {Oxford, UK},
	publisher    = {Oxford University Press},
	date         = 2001
}
@book{Elaydi2005,
	title        = {{An Introduction to Difference Equations}},
	author       = {Elaydi, Saber N.},
	location     = {Berlin, Heidelberg},
	publisher    = {Springer},
	isbn         = {0387230599},
	date         = 2005
}
@book{Gelman2014,
	title        = {Bayesian Data Analysis},
	author       = {Gelman, Andrew and Carlin, John B. and Stern, Hal S. and Dunson, David B. and Vehtari, Aki and Rubin, Donald B.},
	publisher    = {Chapman \& Hall/{CRC} Press},
	doi          = {10.1007/s13398-014-0173-7.2},
	isbn         = {978-1-4398-9820-8},
	date         = 2014,
	edition      = {3rd}
}
@article{George1993,
	title        = {Variable Selection via Gibbs Sampling},
	author       = {George, Edward I. and {McCulloch}, Robert E.},
	volume       = 88,
	number       = 423,
	pages        = {881--889},
	doi          = {10.1080/01621459.1993.10476353},
	date         = {1993-09},
	journaltitle = {Journal of the American Statistical Association}
}
@article{Gouar2008a,
	title        = {Roles of survival and dispersal in reintroduction success of griffon vulture (Gyps fulvus)},
	author       = {Gouar, Pascaline Le and Robert, Alexandre and Choisy, Jean Pierre and Henriquet, Sylvain and Lecuyer, Philippe and Tessier, Christian and Sarrazin, François},
	volume       = 18,
	number       = 4,
	pages        = {859--872},
	doi          = {10.1890/07-0854.1},
	date         = 2008,
	journaltitle = {Ecological Applications}
}
@article{Gross2002,
	title        = {Bayesian estimation of a demographic matrix model from stage- frequency data},
	author       = {Gross, K and Craig, B A and Hutchinson, W D},
	volume       = 83,
	number       = 12,
	pages        = {3285--3298},
	doi          = {10.1890/0012-9658(2002)083[3285:BEOADM]2.0.CO;2},
	date         = 2002,
	journaltitle = {Ecology}
}
@article{Huang2013,
	title        = {Simple Marginally Noninformative Prior Distributions for Covariance Matrices},
	author       = {Huang, Alan and Wand, M. P.},
	volume       = 8,
	number       = 2,
	pages        = {439--452},
	doi          = {10.1214/13-BA815},
	date         = {2013-06},
	journaltitle = {Bayesian Analysis}
}
@article{Kass1995,
	title        = {{Bayes Factors}},
	author       = {Kass, Robert E. and Raftery, Adrian E.},
	volume       = 90,
	number       = 430,
	pages        = {773--795},
	doi          = {10.1080/01621459.1995.10476572},
	date         = {1995-06},
	journaltitle = {Journal of the American Statistical Association}
}
@article{Mutshinda2011,
	title        = {A multispecies perspective on ecological impacts of climatic forcing},
	author       = {Mutshinda, Crispin M. and O’Hara, Robert B. and Woiwod, Ian P.},
	volume       = 80,
	number       = 1,
	pages        = {101--107},
	doi          = {10.1111/j.1365-2656.2010.01743.x},
	date         = {2011-01},
	journaltitle = {Journal of Animal Ecology}
}
@article{OHara2009,
	title        = {{A review of Bayesian variable selection methods: what, how and which}},
	author       = {O'Hara, R. B. and Sillanp{ä}{ä}, M. J.},
	volume       = 4,
	number       = 1,
	pages        = {85--117},
	doi          = {10.1214/09-BA403},
	date         = {2009-03},
	journaltitle = {Bayesian Analysis}
}
@article{OleaGarciaFalagan1999,
	title        = {Expansión del Buitre Leonado Gyps fulvus: tamaño de la población y parámetros reproductores en un área de reciente colonización},
	author       = {Olea, Pedro P. and García, Jvier and Falagán, Jorge},
	volume       = 46,
	number       = 1,
	pages        = {81--88},
	date         = 1999,
	journaltitle = {Ardeola}
}
@book{Otto2011,
	title        = {{A Biologist's Guide to Mathematical Modeling in Ecology and Evolution}},
	author       = {Otto, Sarah P. and Day, Troy},
	booktitle    = {A Biologist's Guide to Mathematical Modeling in Ecology and Evolution},
	publisher    = {Princeton University Press},
	doi          = {10.2307/j.ctvcm4hnd},
	isbn         = 9781400840915,
	date         = {2011-09}
}
@article{Sarrazin1996,
	title        = {Breeding biology during establishment of a reintroduced Griffon Vulture Gyps fulvus population},
	author       = {{SARRAZIN}, {FRANÇOIS} and {BAGNOLINP}, {CONSTANT} and {PINNA}, {JEAN} {LOUIS} and {DANCHIN}, {ETIENNE}},
	volume       = 138,
	number       = 2,
	pages        = {315--325},
	doi          = {10.1111/j.1474-919X.1996.tb04344.x},
	date         = {2008-06-28},
	journaltitle = {Ibis}
}
@article{Sarrazin2000,
	title        = {Demographic Approach to Releasing Adults versus Young in Reintroductions},
	author       = {Sarrazin, François and Legendre, Stéphane},
	volume       = 14,
	number       = 2,
	pages        = {488--500},
	doi          = {10.1046/j.1523-1739.2000.97305.x},
	date         = {2000-04-09},
	journaltitle = {Conservation Biology}
}
@article{VanBeest2008,
	title        = {Population dynamics and spatial distribution of Griffon Vultures ( Gyps fulvus ) in Portugal},
	author       = {van Beest, Floris and van den Bremer, Loes and de Boer, Willem F. and Heitkönig, Ignas M. A. and Monteiro, Antonio E.},
	volume       = 18,
	number       = 2,
	pages        = {102--117},
	doi          = {10.1017/S0959270908000129},
	date         = {2008-06-20},
	journaltitle = {Bird Conservation International}
}
@article{Villaverde2016,
	title        = {Structural Identifiability of Dynamic Systems Biology Models},
	author       = {Villaverde, Alejandro F. and Barreiro, Antonio and Papachristodoulou, Antonis},
	volume       = 12,
	number       = 10,
	pages        = {e1005153},
	doi          = {10.1371/journal.pcbi.1005153},
	editor       = {Miyano, Satoru},
	date         = {2016-10-28},
	journaltitle = {{PLOS} Computational Biology}
}
@article{Xirouchakis2010,
	title        = {Breeding biology and reproductive performance of Griffon Vultures Gyps fulvus on the island of Crete (Greece)},
	author       = {Xirouchakis, Stavros M.},
	volume       = 57,
	number       = 2,
	pages        = {213--225},
	doi          = {10.1080/00063650903505754},
	date         = {2010-05-01},
	journaltitle = {Bird Study}
}
