@article{Almaraz2011,
	title        = {Size-mediated non-trophic interactions and stochastic predation drive assembly and dynamics in a seabird community},
	author       = {Almaraz, Pablo and Oro, Daniel},
	volume       = 92,
	number       = 10,
	pages        = {1948--1958},
	doi          = {10.1890/11-0181.1},
	issn         = {0012-9658},
	url          = {http://doi.wiley.com/10.1890/11-0181.1},
	note         = {{ISBN}: 0012-9658},
	journaltitle = {Ecology},
	date         = {2011-10},
	pmid         = 22073786
}
@article{Arkumarev2019,
	title        = {First record of eurasian griffon vulture gyps fulvus from the balkans migrating to south Sudan revealed by {GPS} tracking},
	author       = {Arkumarev, Volen and Dobrev, Dobromir and Stamenov, Anton},
	volume       = 39,
	number       = 2,
	pages        = {27--35},
	issn         = 23131799,
	journaltitle = {Scopus: Journal of East African Ornithology},
	date         = 2019
}
@article{Arrondo2018,
	title        = {Invisible barriers: Differential sanitary regulations constrain vulture movements across country borders},
	author       = {Arrondo, Eneko and Moleón, Marcos and Cortés-Avizanda, Ainara and Jiménez, José and Beja, Pedro and Sánchez-Zapata, José A and Donázar, José A},
	volume       = 219,
	pages        = {46--52},
	doi          = {10.1016/j.biocon.2017.12.039},
	issn         = {00063207},
	url          = {https://linkinghub.elsevier.com/retrieve/pii/S0006320717315550},
	journaltitle = {Biological Conservation},
	date         = {2018-03}
}
@article{Arrondo2020,
	title        = {Landscape anthropization shapes the survival of a top avian scavenger},
	author       = {Arrondo, Eneko and Sanz-Aguilar, Ana and Pérez-García, Juan Manuel and Cortés-Avizanda, Ainara and Sánchez-Zapata, José Antonio and Donázar, José Antonio},
	volume       = 29,
	number       = 4,
	pages        = {1411--1425},
	doi          = {10.1007/s10531-020-01942-6},
	issn         = {0960-3115},
	url          = {http://link.springer.com/10.1007/s10531-020-01942-6},
	note         = {{ISBN}: 0123456789},
	journaltitle = {Biodiversity and Conservation},
	date         = {2020-03-31}
}
@article{auger-methe_state-space_2016,
	title        = {State-space models’ dirty little secrets: even simple linear Gaussian models can have estimation problems},
	shorttitle   = {State-space models’ dirty little secrets},
	author       = {Auger-Méthé, Marie and Field, Chris and Albertsen, Christoffer M. and Derocher, Andrew E. and Lewis, Mark A. and Jonsen, Ian D. and Mills Flemming, Joanna},
	volume       = 6,
	number       = 1,
	pages        = 26677,
	doi          = {10.1038/srep26677},
	issn         = {2045-2322},
	url          = {http://www.nature.com/articles/srep26677},
	urldate      = {2021-05-13},
	note         = {Publisher: Nature Publishing Group {ISBN}: doi:10.1038/srep26677},
	journaltitle = {Scientific Reports},
	date         = {2016-07},
	pmid         = 27220686,
	eprinttype   = {arxiv},
	eprint       = {1508.04325},
	shortjournal = {Sci Rep},
	langid       = {english}
}
@article{Barry1993,
	title        = {A Bayesian Analysis for Change Point Problems},
	author       = {Barry, Daniel and Hartigan, J. A.},
	volume       = 88,
	number       = 421,
	pages        = 309,
	doi          = {10.2307/2290726},
	issn         = {01621459},
	url          = {https://www.jstor.org/stable/2290726?origin=crossref},
	journaltitle = {Journal of the American Statistical Association},
	date         = {1993-03}
}
@article{Bellman1970,
	title        = {On structural identifiability},
	author       = {Bellman, R. and Åström, K.J.},
	volume       = 7,
	number       = 3,
	pages        = {329--339},
	doi          = {10.1016/0025-5564(70)90132-X},
	issn         = {00255564},
	url          = {https://linkinghub.elsevier.com/retrieve/pii/002555647090132X},
	note         = {{ISBN}: 9781479956692},
	journaltitle = {Mathematical Biosciences},
	date         = {1970-04}
}
@book{Bennett2002,
	title        = {Evolutionary ecology of birds: life histories, mating systems, and extinction},
	author       = {Bennett, P. M. and Owens, I. P.},
	location     = {Oxford, {UK}},
	publisher    = {Oxford University Press},
	date         = 2002
}
@article{Benton1999,
	title        = {Elasticity analysis as an important tool in evolutionary and population ecology},
	author       = {Benton, Tim G. and Grant, Alastair},
	volume       = 14,
	number       = 12,
	pages        = {467--471},
	doi          = {10.1016/S0169-5347(99)01724-3},
	issn         = {01695347},
	url          = {https://linkinghub.elsevier.com/retrieve/pii/S0169534799017243},
	journaltitle = {Trends in Ecology \& Evolution},
	date         = {1999-12}
}
@article{Benton2006,
	title        = {Complex population dynamics and complex causation: devils, details and demography},
	author       = {Benton, Tim G. and Plaistow, Stewart J. and Coulson, Tim N.},
	volume       = 273,
	number       = 1591,
	pages        = {1173--1181},
	doi          = {10.1098/rspb.2006.3495},
	issn         = {0962-8452},
	url          = {https://royalsocietypublishing.org/doi/10.1098/rspb.2006.3495},
	journaltitle = {Proceedings of the Royal Society B: Biological Sciences},
	date         = {2006-05-22}
}
@article{Bicknell2013,
	title        = {Potential consequences of discard reform for seabird communities},
	author       = {Bicknell, Anthony W. J. and Oro, Daniel and Camphuysen, Kees C.J. and Votier, Stephen C.},
	volume       = 50,
	number       = 3,
	pages        = {649--658},
	doi          = {10.1111/1365-2664.12072},
	issn         = {00218901},
	url          = {http://doi.wiley.com/10.1111/1365-2664.12072},
	journaltitle = {Journal of Applied Ecology},
	editor       = {Blanchard, Julia},
	date         = {2013-06}
}
@article{Blanco1996,
	title        = {Sex Difference in Breeding Age of Griffon Vultures (Gyps fulvus)},
	author       = {Blanco, Guillermo and Martinez, Felix},
	volume       = 113,
	number       = 1,
	pages        = {247--248},
	doi          = {10.2307/4088957},
	issn         = {00048038},
	url          = {https://www.jstor.org/stable/info/10.2307/4088957},
	journaltitle = {The Auk},
	date         = {1996-01}
}
@article{Blanco1997,
	title        = {Pair bond and age distribution of breeding Griffon Vultures Gyps fulvus in relation to reproductive status and geographic area in Spain},
	author       = {Blanco, Guillermo and Martinez, Felix and Traverso, J M},
	volume       = 139,
	number       = 1,
	pages        = {180--183},
	doi          = {10.1111/j.1474-919X.1997.tb04522.x},
	issn         = {00191019},
	url          = {http://doi.wiley.com/10.1111/j.1474-919X.1997.tb04522.x},
	journaltitle = {Ibis},
	date         = {1997-06-28}
}
@article{Blanco2009,
	title        = {El dilema de la ganadería extensiva y el mito de los muladares : Implicaciones en la contaminación por fármacos y su impacto en la salud de las aves carroñeras El dilema de la ganadería extensiva y el mito de los muladares : Implicaciones en la contaminac},
	author       = {Blanco, Guillermo},
	date         = 2009
}
@article{Blanco2014,
	title        = {Can livestock carrion availability influence diet of wintering red kites? Implications of sanitary policies in ecosystem services and conservation},
	author       = {Blanco, Guillermo},
	volume       = 56,
	number       = 4,
	pages        = {593--604},
	doi          = {10.1007/s10144-014-0445-2},
	issn         = {1438-3896},
	url          = {http://doi.wiley.com/10.1007/s10144-014-0445-2},
	journaltitle = {Population Ecology},
	date         = {2014-10-27}
}
@article{Blanco2016,
	title        = {Wildlife contamination with fluoroquinolones from livestock: Widespread occurrence of enrofloxacin and marbofloxacin in vultures},
	author       = {Blanco, Guillermo and Junza, Alexandra and Segarra, David and Barbosa, José and Barrón, Dolores},
	volume       = 144,
	pages        = {1536--1543},
	doi          = {10.1016/j.chemosphere.2015.10.045},
	issn         = {00456535},
	url          = {https://linkinghub.elsevier.com/retrieve/pii/S004565351530240X},
	journaltitle = {Chemosphere},
	date         = {2016-02}
}
@article{Blanco2017,
	title        = {Food safety in scavenger conservation: Diet-associated exposure to livestock pharmaceuticals and opportunist mycoses in threatened Cinereous and Egyptian vultures},
	author       = {Blanco, Guillermo and Junza, Alexandra and Barrón, Dolores},
	volume       = 135,
	pages        = {292--301},
	doi          = {10.1016/j.ecoenv.2016.10.009},
	issn         = {01476513},
	url          = {https://linkinghub.elsevier.com/retrieve/pii/S0147651316304122},
	note         = {Publisher: Elsevier},
	issue        = {July 2016},
	journaltitle = {Ecotoxicology and Environmental Safety},
	date         = {2017-01}
}
@article{Blanco2018,
	title        = {Supplementary feeding as a source of multiresistant Salmonella in endangered Egyptian vultures},
	author       = {Blanco, Guillermo},
	volume       = 65,
	number       = 3,
	pages        = {806--816},
	doi          = {10.1111/tbed.12806},
	issn         = 18651674,
	url          = {http://doi.wiley.com/10.1111/tbed.12806},
	journaltitle = {Transboundary and Emerging Diseases},
	date         = {2018-06},
	pmid         = 29333678
}
@article{Blanco2019a,
	title        = {Livestock farming practices modulate vulture diet-disease interactions},
	author       = {Blanco, Guillermo and Cortés-Avizanda, Ainara and Frías, Óscar and Arrondo, Eneko and Donázar, José A.},
	volume       = 17,
	pages        = {e00518},
	doi          = {10.1016/j.gecco.2018.e00518},
	issn         = 23519894,
	url          = {https://linkinghub.elsevier.com/retrieve/pii/S2351989418303731},
	journaltitle = {Global Ecology and Conservation},
	date         = {2019-01}
}
@article{Bohner2007,
	title        = {The Beverton–Holt dynamic equation},
	author       = {Bohner, Martin and Warth, Howard},
	volume       = 86,
	number       = 8,
	pages        = {1007--1015},
	doi          = {10.1080/00036810701474140},
	issn         = {0003-6811},
	url          = {http://www.tandfonline.com/doi/abs/10.1080/00036810701474140},
	journaltitle = {Applicable Analysis},
	date         = {2007-08-24}
}
@article{Brannstrom2005,
	title        = {The role of competition and clustering in population dynamics},
	author       = {Brannstrom, A and Sumpter, D.J.T},
	volume       = 272,
	number       = 1576,
	pages        = {2065--2072},
	doi          = {10.1098/rspb.2005.3185},
	issn         = {0962-8452},
	url          = {http://rspb.royalsocietypublishing.org/cgi/doi/10.1098/rspb.2005.3185},
	note         = {{ISBN}: 0962-8452},
	journaltitle = {Proceedings of the Royal Society B: Biological Sciences},
	date         = 2005,
	pmid         = 16191618
}
@article{Buechley2016,
	title        = {The avian scavenger crisis: Looming extinctions, trophic cascades, and loss of critical ecosystem functions},
	author       = {Buechley, Evan R. and Şekercioğlu, Çağan H.},
	volume       = 198,
	pages        = {220--228},
	doi          = {10.1016/j.biocon.2016.04.001},
	issn         = {00063207},
	url          = {https://linkinghub.elsevier.com/retrieve/pii/S0006320716301264},
	journaltitle = {Biological Conservation},
	date         = {2016-06}
}
@article{Cabrera-Garcia2020,
	title        = {Livestock prevalence in the Egyptian vulture diet during European sanitary restrictions on carcass disposal},
	author       = {Cabrera-García, M. Eugenia and Olea, Pedro P. and Mateo-Tomás, Patricia},
	pages        = {e00169},
	doi          = {10.1016/j.fooweb.2020.e00169},
	url          = {https://linkinghub.elsevier.com/retrieve/pii/S235224962030029X},
	note         = {Publisher: Elsevier Inc},
	journaltitle = {Food Webs},
	date         = {2020-09}
}
@article{Camina2004,
	title        = {Consequences of Bovine Spongiform Encephalopathy ({BSE}) on breeding success and food availability in Spanish Vulture populations},
	author       = {Camina, Alvaro},
	pages        = {27--44},
	issue        = {November 2002},
	journaltitle = {Raptors Worldwide},
	date         = 2004
}
@article{Camina2006,
	title        = {Griffon Vulture Gyps fulvus Food Shortages in the Ebro Valley (Ne Spain) Caused by Regulations Against Bovine Spongiform Encephalopathy ({BSE})},
	author       = {Camiña, Alvaro and Montelío, Eugenio},
	volume       = 41,
	number       = 1,
	pages        = {7--13},
	doi          = {10.3161/068.041.0106},
	issn         = {0001-6454},
	url          = {http://www.bioone.org/doi/abs/10.3161/068.041.0106},
	journaltitle = {Acta Ornithologica},
	date         = {2006-07}
}
@article{campbell_anova_2014-1,
	title        = {An {ANOVA} test for parameter estimability using data cloning with application to statistical inference for dynamic systems},
	author       = {Campbell, David and Lele, Subhash},
	volume       = 70,
	pages        = {257--267},
	doi          = {10.1016/j.csda.2013.09.013},
	issn         = {01679473},
	url          = {https://linkinghub.elsevier.com/retrieve/pii/S016794731300337X},
	urldate      = {2021-05-13},
	journaltitle = {Computational Statistics \& Data Analysis},
	shortjournal = {Computational Statistics \& Data Analysis},
	date         = {2014-02},
	langid       = {english}
}
@article{Carrete2006,
	title        = {Density-dependent productivity depression in Pyrenean Bearded Vultures: Implications for conservation},
	author       = {Carrete, Martina and Donázar, José A. and Margalida, Antoni},
	volume       = 16,
	number       = 5,
	pages        = {1674--1682},
	doi          = {10.1890/1051-0761(2006)016[1674:DPDIPB]2.0.CO;2},
	issn         = 10510761,
	url          = {https://doi.org/10.1890/1051-0761(2006)016[1674:DPDIPB]2.0.CO;2},
	journaltitle = {Ecological Applications},
	date         = 2006
}
@article{Carrete2006a,
	title        = {{Components of breeding performance in two competing species: Habitat heterogeneity, individual quality and density-dependence}},
	author       = {Carrete, Martina and S{\'{a}}nchez-Zapata, Jos{\'{e}} A. and Tella, Jos{\'{e}} L. and Gil-S{\'{a}}nchez, Jos{\'{e}} M. and Mole{\'{o}}n, Marcos},
	year         = 2006,
	journal      = {Oikos},
	volume       = 112,
	number       = 3,
	pages        = {680--690},
	doi          = {10.1111/j.0030-1299.2006.14528.x},
	issn         = {00301299}
}
@book{Caswell2001,
	title        = {Matrix population models: construction, analysis, and interpretation},
	author       = {Caswell, Hal},
	location     = {Sunderland, {MA}},
	publisher    = {Sinauer Associates},
	date         = 2001
}
@article{Caswell2010,
	title        = {Life table response experiment analysis of the stochastic growth rate},
	author       = {Caswell, Hal},
	volume       = 98,
	number       = 2,
	pages        = {324--333},
	doi          = {10.1111/j.1365-2745.2009.01627.x},
	issn         = {00220477},
	url          = {http://doi.wiley.com/10.1111/j.1365-2745.2009.01627.x},
	journaltitle = {Journal of Ecology},
	date         = {2010-03}
}
@book{Caswell2019,
	title        = {Sensitivity Analysis: Matrix Methods in Demography and Ecology},
	author       = {Caswell, Hal},
	location     = {Cham},
	publisher    = {Springer International Publishing},
	doi          = {10.1007/978-3-030-10534-1},
	isbn         = {978-3-030-10533-4},
	url          = {http://link.springer.com/10.1007/978-3-030-10534-1},
	note         = {Series Title: Demographic Research Monographs},
	pagetotal    = 299,
	date         = 2019
}
@article{Chantepie2016a,
	title        = {Age-related variation and temporal patterns in the survival of a long-lived scavenger},
	author       = {Chantepie, Stéphane and Teplitsky, Céline and Pavard, Samuel and Sarrazin, François and Descaves, Bruno and Lecuyer, Philippe and Robert, Alexandre},
	volume       = 125,
	number       = 2,
	pages        = {167--178},
	doi          = {10.1111/oik.02216},
	issn         = {00301299},
	url          = {http://doi.wiley.com/10.1111/oik.02216},
	note         = {{ISBN}: 6503251521},
	journaltitle = {Oikos},
	date         = {2016-02},
	pmid         = 26044706,
	eprinttype   = {arxiv},
	eprint       = {10.1111/ecog.02097}
}
@article{Cole2016,
	title        = {Parameter redundancy in discrete state-space and integrated models},
	author       = {Cole, Diana J. and {McCrea}, Rachel S.},
	volume       = 58,
	number       = 5,
	pages        = {1071--1090},
	doi          = {10.1002/bimj.201400239},
	issn         = {03233847},
	url          = {http://doi.wiley.com/10.1002/bimj.201400239},
	journaltitle = {Biometrical Journal},
	date         = {2016-09}
}
@book{Cole2020,
	title        = {Parameter Redundancy and Identifiability},
	author       = {Cole, Diana J},
	location     = {Boca Raton : {CRC} Press, [2020]},
	publisher    = {Chapman and Hall/{CRC}},
	doi          = {10.1201/9781315120003},
	isbn         = {978-1-315-12000-3},
	url          = {https://www.taylorfrancis.com/books/9781498720908},
	date         = {2020-05-11}
}
@article{Cortes-Avizanda2012,
	title        = {Resource unpredictability promotes species diversity and coexistence in an avian scavenger guild: a field experiment},
	author       = {Cortés-Avizanda, A. and Jovani, R. and Carrete, M. and Donázar, J. A.},
	volume       = 93,
	number       = 12,
	pages        = {2570--2579},
	doi          = {10.1890/12-0221.1},
	issn         = {0012-9658},
	url          = {http://doi.wiley.com/10.1890/12-0221.1},
	journaltitle = {Ecology},
	date         = {2012-12}
}
@incollection{Cortes-Avizanda2015,
	title        = {Top Scavengers in a Wilder Europe},
	author       = {Cortés-Avizanda, Ainara and Donázar, José A. and Pereira, Henrique M.},
	booktitle    = {Rewilding European Landscapes},
	location     = {Cham},
	publisher    = {Springer International Publishing},
	pages        = {85--106},
	doi          = {10.1007/978-3-319-12039-3_5},
	url          = {http://link.springer.com/10.1007/978-3-319-12039-3_5},
	date         = 2015
}
@article{Cortes-Avizanda2016,
	title        = {Supplementary feeding and endangered avian scavengers: benefits, caveats, and controversies},
	author       = {Cortés-Avizanda, Ainara and Blanco, Guillermo and {DeVault}, Travis L and Markandya, Anil and Virani, Munir Z. and Brandt, Joseph and Donázar, José A.},
	volume       = 14,
	number       = 4,
	pages        = {191--199},
	doi          = {10.1002/fee.1257},
	issn         = 15409295,
	url          = {http://doi.wiley.com/10.1002/fee.1257},
	journaltitle = {Frontiers in Ecology and the Environment},
	date         = {2016-05}
}
@article{Demerdzhiev2014,
	title        = {Long-term population status, breeding parameters and limiting factors of the Griffon vulture (Gyps fulvus Hablizl, 1783) population in the Eastern Rhodopes, Bulgaria},
	author       = {Demerdzhiev, Dimitar and Hristov, Hristo and Dobrev, Dobromir and Angelov, Ivaylo and Kurtev, Marin},
	volume       = 66,
	number       = 3,
	pages        = {373--384},
	issn         = {03240770},
	journaltitle = {Acta Zoologica Bulgarica},
	date         = 2014
}
@article{Denwood2016,
	title        = {runjags : An R Package Providing Interface Utilities, Model Templates, Parallel Computing Methods and Additional Distributions for {MCMC} Models in {JAGS}},
	author       = {Denwood, Matthew J.},
	volume       = 71,
	number       = 9,
	doi          = {10.18637/jss.v071.i09},
	issn         = {1548-7660},
	url          = {http://www.jstatsoft.org/v71/i09/},
	note         = {{ISBN}: 9780874216561},
	journaltitle = {Journal of Statistical Software},
	date         = 2016
}
@article{DeVault2003,
	title        = {Scavenging by vertebrates: behavioral, ecological, and evolutionary perspectives on an important energy transfer pathway in terrestrial ecosystems},
	author       = {{DeVault}, Travis L. and Rhodes, Jr., Olin E. and Shivik, John A.},
	volume       = 102,
	number       = 2,
	pages        = {225--234},
	doi          = {10.1034/j.1600-0706.2003.12378.x},
	issn         = {0030-1299},
	url          = {http://doi.wiley.com/10.1034/j.1600-0706.2003.12378.x},
	journaltitle = {Oikos},
	date         = {2003-08}
}
@incollection{DeVault2016,
	title        = {Ecosystem services provided by avian scavengers},
	author       = {{DeVault}, T. L., Beasley, J. C., Olson, Z. H., Moleón, M., Carrete, M., Margalida, A., Sánchez-Zapata, J. A.},
	booktitle    = {Why Birds Matter},
	location     = {Chicago, {ILL}.},
	publisher    = {The University of Chicago Press},
	editor       = {Şekercioglu, C. H. and Wenny, D. G. and Whelan, C. J.},
	date         = 2016
}
@article{Doak2005,
	title        = {Correctly Estimating How Environmental Stochasticity Influences Fitness and Population Growth},
	author       = {Doak, Daniel F. and Morris, William F. and Pfister, Cathy and Kendall, Bruce E. and Bruna, Emilio M.},
	volume       = 166,
	number       = 1,
	pages        = {E14--E21},
	doi          = {10.1086/430642},
	issn         = {0003-0147},
	url          = {http://www.journals.uchicago.edu/doi/10.1086/430642},
	journaltitle = {The American Naturalist},
	date         = {2005-07},
	pmid         = 15937784
}
@book{Donazar1993,
	title        = {Los buitres ibéricos. Biología y conservación},
	author       = {Donazar, J. A.},
	location     = {Madrid},
	publisher    = {J.M. Reyero},
	date         = 1993
}
@book{Donazar2009b,
	title        = {Vultures, feeding stations and sanitary legislation: a conflict and its consequences from the perspective of conservation biology},
	author       = {Donázar, J. A. and Margalida, A. and Campión, D.},
	location     = {San Sebastián},
	publisher    = {Society of Sciences Aranzadi},
	date         = 2009
}
@article{Donazar2010,
	title        = {Dietary shifts in two vultures after the demise of supplementary feeding stations: consequences of the {EU} sanitary legislation},
	author       = {Donázar, José A. and Cortés-Avizanda, Ainara and Carrete, Martina},
	volume       = 56,
	number       = 4,
	pages        = {613--621},
	doi          = {10.1007/s10344-009-0358-0},
	issn         = {1612-4642},
	url          = {http://link.springer.com/10.1007/s10344-009-0358-0},
	journaltitle = {European Journal of Wildlife Research},
	date         = {2010-08-05}
}
@article{Donazar2020a,
	title        = {{Epizootics and sanitary regulations drive long-term changes in fledgling body condition of a threatened vulture}},
	author       = {Don{\'{a}}zar, J. A. and Cort{\'{e}}s-Avizanda, A. and Ceballos, O. and Arrondo, E. and Grande, J. M. and Serrano, D.},
	year         = 2020,
	journal      = {Ecological Indicators},
	publisher    = {Elsevier},
	volume       = 113,
	number       = {February},
	pages        = 106188,
	doi          = {10.1016/j.ecolind.2020.106188},
	issn         = {1470160X},
	url          = {https://doi.org/10.1016/j.ecolind.2020.106188},
	urldate      = {2021-05-13},
	journaltitle = {Ecological Indicators},
	date         = {2020-06},
	shortjournal = {Ecological Indicators},
	langid       = {english}
}
@book{Durbin2001,
	address = {Oxford, UK},
	author = {Durbin, J and Koopman, S J},
	publisher = {Oxford University Press},
	title = {{Time Series Analysis by State Space Methods}},
	year = {2001}
}
@article{Duriez2011a,
	title        = {Age identification of Eurasian Griffon Vultures Gyps fulvus in the field},
	author       = {Duriez, Olivier and Eliotout, Bertrand and Sarrazin, François},
	volume       = 26,
	number       = 1,
	pages        = {24--30},
	doi          = {10.1080/03078698.2011.585912},
	issn         = {0307-8698},
	url          = {https://www.tandfonline.com/doi/full/10.1080/03078698.2011.585912},
	journaltitle = {Ringing \& Migration},
	date         = {2011-06-28}
}
@book{Elaydi2005,
	title        = {{An Introduction to Difference Equations}},
	author       = {Elaydi, Saber N.},
	year         = 2005,
	publisher    = {Springer},
	address      = {Berlin, Heidelberg},
	isbn         = {0387230599},
}
@article{Elosegui1989,
	title        = {Vautour fauve (Gyps fulvus), Gypaete barbu (Gypaetus barbatus), Percnoptere d’Egypte (Neophron percnopterus): Synthse bibliographique et recherches},
	author       = {Elosegui, I.},
	volume       = 3,
	journaltitle = {Acta Biol. Mont.},
	date         = 1989
}
@article{Ergon2011,
	title        = {Delayed density-dependent onset of spring reproduction in a fluctuating population of field voles},
	author       = {Ergon, Torbjørn and Ergon, Rolf and Begon, Mike and Telfer, Sandra and Lambin, Xavier},
	volume       = 120,
	number       = 6,
	pages        = {934--940},
	doi          = {10.1111/j.1600-0706.2010.18983.x},
	issn         = {00301299},
	note         = {{ISBN}: 1600-0706},
	journaltitle = {Oikos},
	date         = 2011
}
@article{Fargallo2018,
	title        = {Sex-Dependent Expression and Fitness Consequences of Sunlight-Derived Color Phenotypes},
	author       = {Fargallo, Juan A. and Martínez, Félix and Wakamatsu, Kazumasa and Serrano, David and Blanco, Guillermo},
	volume       = 191,
	number       = 6,
	pages        = {726--743},
	doi          = {10.1086/697218},
	issn         = {0003-0147},
	url          = {http://www.journals.uchicago.edu/doi/10.1086/697218},
	journaltitle = {The American Naturalist},
	date         = {2018-06}
}
@article{Fernandez-Bellon2016,
	title        = {Density-dependent productivity in a colonial vulture at two spatial scales},
	author       = {Fernández-Bellon, Darío and Cortés-Avizanda, Ainara and Arenas, Rafael and Donázar, José Antonio},
	volume       = 97,
	number       = 2,
	pages        = {406--416},
	doi          = {10.1890/15-0357.1},
	issn         = {00129658},
	url          = {http://doi.wiley.com/10.1890/15-0357.1},
	journaltitle = {Ecology},
	date         = {2016-02}
}
@article{Fernandez-Marin2016,
	title        = {ggmcmc : Analysis of {MCMC} Samples and Bayesian Inference},
	author       = {Fernández-Marín, Xavier},
	volume       = 70,
	number       = 9,
	doi          = {10.18637/jss.v070.i09},
	issn         = {1548-7660},
	url          = {http://www.jstatsoft.org/v70/i09/},
	journaltitle = {Journal of Statistical Software},
	date         = 2016
}
@article{Fuller2008,
	title        = {Garden bird feeding predicts the structure of urban avian assemblages},
	author       = {Fuller, Richard A. and Warren, Philip H. and Armsworth, Paul R. and Barbosa, Olga and Gaston, Kevin J.},
	volume       = 14,
	number       = 1,
	pages        = {131--137},
	doi          = {10.1111/j.1472-4642.2007.00439.x},
	issn         = 13669516,
	url          = {http://doi.wiley.com/10.1111/j.1472-4642.2007.00439.x},
	journaltitle = {Diversity and Distributions},
	date         = {2008-01}
}
@article{Fulvus1994,
	title        = {High Survival Estimates of Griffon Vultures (Gyps Fulvus Fulvus) in a Reintroduced Population},
	author       = {Sarrazin, François and Bagnolini, Constant and Pinna, Jean Louis and Danchin, Etienne and Clobert, Jean},
	volume       = 111,
	number       = 4,
	pages        = {853--862},
	doi          = {10.2307/4088817},
	issn         = {00048038},
	url          = {https://academic.oup.com/auk/article/111/4/853-862/5168209},
	journaltitle = {The Auk},
	date         = {1994-10}
}
@article{Gaillard2010,
	title        = {Temporal variation in survival of mammals: a case of environmental canalization?},
	author       = {Gaillard, Jean-Michel and Yoccoz, Nigel Gilles},
	volume       = 84,
	number       = 12,
	pages        = {3294--3306},
	doi          = {10.1890/02-0409},
	issn         = {0012-9658},
	url          = {http://doi.wiley.com/10.1890/02-0409},
	journaltitle = {Ecology},
	date         = {2003-12}
}
@article{Garcia-Baron2018,
	title        = {How to fit the distribution of apex scavengers into land-abandonment scenarios? The Cinereous vulture in the Mediterranean biome},
	author       = {García-Barón, Isabel and Cortés-Avizanda, Ainara and Verburg, Peter H. and Marques, Tiago A. and Moreno-Opo, Rubén and Pereira, Henrique M. and Donázar, José A.},
	volume       = 24,
	number       = 7,
	pages        = {1018--1031},
	doi          = {10.1111/ddi.12743},
	issn         = 13669516,
	url          = {http://doi.wiley.com/10.1111/ddi.12743},
	journaltitle = {Diversity and Distributions},
	editor       = {Brotons, Lluís},
	date         = {2018-07}
}
@article{Garcia-Ripolles2011,
	title        = {Integrating effects of supplementary feeding, poisoning, pollutant ingestion and wind farms of two vulture species in Spain using a population viability analysis},
	author       = {García-Ripollés, Clara and López-López, Pascual},
	volume       = 152,
	number       = 4,
	pages        = {879--888},
	doi          = {10.1007/s10336-011-0671-8},
	issn         = {0021-8375},
	url          = {http://link.springer.com/10.1007/s10336-011-0671-8},
	journaltitle = {Journal of Ornithology},
	date         = {2011-10-04}
}
@article{Garcia-Ripolles2011a,
	title        = {Ranging behaviour of non-breeding eurasian griffon vultures gyps fulvus: A {GPS}-telemetry study},
	author       = {García-Ripollés, Clara and López-López, Pascual and Urios, Vicente},
	volume       = 46,
	number       = 2,
	pages        = {127--134},
	doi          = {10.3161/000164511X625892},
	issn         = {00016454},
	journaltitle = {Acta Ornithologica},
	date         = 2011
}
@book{Gelman2014,
	title        = {Bayesian Data Analysis},
	author       = {Gelman, Andrew and Carlin, John B. and Stern, Hal S. and Dunson, David B. and Vehtari, Aki and Rubin, Donald B.},
	publisher    = {Chapman \& Hall/{CRC} Press},
	doi          = {10.1007/s13398-014-0173-7.2},
	isbn         = {978-1-4398-9820-8},
	note         = {{ISSN}: 1467-9280},
	edition      = {3rd},
	date         = 2014,
	pmid         = 25052830
}
@article{George1993,
	title        = {Variable Selection via Gibbs Sampling},
	author       = {George, Edward I. and {McCulloch}, Robert E.},
	volume       = 88,
	number       = 423,
	pages        = {881--889},
	doi          = {10.1080/01621459.1993.10476353},
	issn         = {0162-1459},
	url          = {http://www.tandfonline.com/doi/abs/10.1080/01621459.1993.10476353},
	journaltitle = {Journal of the American Statistical Association},
	date         = {1993-09}
}
@article{Gouar2008a,
	title        = {Roles of survival and dispersal in reintroduction success of griffon vulture (Gyps fulvus)},
	author       = {Gouar, Pascaline Le and Robert, Alexandre and Choisy, Jean Pierre and Henriquet, Sylvain and Lecuyer, Philippe and Tessier, Christian and Sarrazin, François},
	volume       = 18,
	number       = 4,
	pages        = {859--872},
	doi          = {10.1890/07-0854.1},
	issn         = 10510761,
	url          = {http://doi.wiley.com/10.1890/07-0854.1},
	journaltitle = {Ecological Applications},
	date         = 2008,
	pmid         = 18536248
}
@article{Green2004,
	title        = {Diclofenac Poisoning as a Cause of Vulture Population Declines across the Indian Subcontinent Linked references are available on {JSTOR} for this article : Diclofenac poisoning as a cause of vulture population declines across the Indian subcontinent},
	author       = {Green, Rhys E and Newton, Ian and Shultz, Susanne and Cunningham, Andrew A and Pain, Deborah J and Prakash, Vibhu and Green, Rhys E and Newtont, I A N and Shultz, Susanne and Cunningham, Andrew A and Gilbert, Martin and Pain, Deborah J},
	volume       = 41,
	number       = 5,
	pages        = {793--800},
	date         = 2004
}
@article{Green2006a,
	title        = {Collapse of Asian vulture populations: risk of mortality from residues of the veterinary drug diclofenac in carcasses of treated cattle},
	author       = {Green, Rhys E. and Taggart, Mark A. and Das, Devojit and Pain, Deborah J. and Sashi Kumar, C. and Cunningham, Andrew A. and Cuthbert, Richard},
	volume       = 43,
	number       = 5,
	pages        = {949--956},
	doi          = {10.1111/j.1365-2664.2006.01225.x},
	issn         = {00218901},
	url          = {http://doi.wiley.com/10.1111/j.1365-2664.2006.01225.x},
	journaltitle = {Journal of Applied Ecology},
	date         = {2006-10}
}
@article{Gross2002,
	title        = {Bayesian estimation of a demographic matrix model from stage- frequency data},
	author       = {Gross, K and Craig, B A and Hutchinson, W D},
	volume       = 83,
	number       = 12,
	pages        = {3285--3298},
	doi          = {10.1890/0012-9658(2002)083[3285:BEOADM]2.0.CO;2},
	issn         = {00129658},
	url          = {https://doi.org/10.1890/0012-9658(2002)083[3285:BEOADM]2.0.CO;2},
	note         = {{ISBN}: 0012-9658},
	journaltitle = {Ecology},
	date         = 2002,
	pmid         = 7036
}
@article{Hansen2019a,
	title        = {More frequent extreme climate events stabilize reindeer population dynamics},
	author       = {Hansen, Brage B. and Gamelon, Marlène and Albon, Steve D. and Lee, Aline M. and Stien, Audun and Irvine, R. Justin and Sæther, Bernt Erik and Loe, Leif E. and Ropstad, Erik and Veiberg, Vebjørn and Grøtan, Vidar},
	volume       = 10,
	number       = 1,
	pages        = {1--8},
	doi          = {10.1038/s41467-019-09332-5},
	issn         = 20411723,
	url          = {http://dx.doi.org/10.1038/s41467-019-09332-5},
	note         = {Publisher: Springer {US}},
	journaltitle = {Nature Communications},
	date         = 2019
}
@article{Haridas2005,
	title        = {Elasticities in Variable Environments: Properties and Implications},
	author       = {Haridas, C. V. and Tuljapurkar, Shripad},
	volume       = 166,
	number       = 4,
	pages        = {481--495},
	doi          = {10.1086/444444},
	issn         = {0003-0147},
	url          = {http://www.journals.uchicago.edu/doi/10.1086/444444},
	journaltitle = {The American Naturalist},
	date         = {2005-10},
	pmid         = 16224704
}
@article{Hines2014,
	title        = {Determination of parameter identifiability in nonlinear biophysical models: A Bayesian approach},
	author       = {Hines, Keegan E. and Middendorf, Thomas R. and Aldrich, Richard W.},
	volume       = 143,
	number       = 3,
	pages        = {401--416},
	doi          = {10.1085/jgp.201311116},
	issn         = {0022-1295},
	url          = {http://www.jgp.org/lookup/doi/10.1085/jgp.201311116},
	note         = {{ISBN}: 0022-1295{\textbackslash}r1540-7748},
	journaltitle = {The Journal of General Physiology},
	date         = {2014-03},
	pmid         = 24516188
}
@article{Hoy2020,
	title        = {Fluctuations in age structure and their variable influence on population growth},
	author       = {Hoy, Sarah R. and {MacNulty}, Daniel R. and Smith, Douglas W. and Stahler, Daniel R. and Lambin, Xavier and Peterson, Rolf O. and Ruprecht, Joel S. and Vucetich, John A.},
	volume       = 34,
	number       = 1,
	pages        = {203--216},
	doi          = {10.1111/1365-2435.13431},
	issn         = {0269-8463},
	url          = {https://onlinelibrary.wiley.com/doi/abs/10.1111/1365-2435.13431},
	journaltitle = {Functional Ecology},
	editor       = {Sandercock, Brett},
	date         = {2020-01-30}
}
@article{Huang2013,
	title        = {Simple Marginally Noninformative Prior Distributions for Covariance Matrices},
	author       = {Huang, Alan and Wand, M. P.},
	volume       = 8,
	number       = 2,
	pages        = {439--452},
	doi          = {10.1214/13-BA815},
	issn         = {1936-0975},
	url          = {http://projecteuclid.org/euclid.ba/1369407559},
	journaltitle = {Bayesian Analysis},
	date         = {2013-06}
}
@article{Kass1995,
	title        = {{Bayes Factors}},
	author       = {Kass, Robert E. and Raftery, Adrian E.},
	year         = 1995,
	month        = {6},
	journal      = {Journal of the American Statistical Association},
	volume       = 90,
	number       = 430,
	pages        = {773--795},
	doi          = {10.1080/01621459.1995.10476572},
	issn         = {0162-1459},
	url          = {http://www.tandfonline.com/doi/abs/10.1080/01621459.1995.10476572}
}
@book{King2010,
	title        = {Bayesian analysis for population ecology},
	author       = {King, Ruth and Morgan, Byron J. T. and Gimenez, Olivier and Brooks, Stephen P.},
	location     = {Boca Raton, {FL}},
	publisher    = {Chapman \& Hall/{CRC} Press},
	isbn         = {978-1-4398-1187-0},
	date         = 2010
}
@article{Lagos2015,
	title        = {{EU} Sanitary Regulation on Livestock Disposal: Implications for the Diet of Wolves},
	author       = {Lagos, Laura and Bárcena, Felipe},
	volume       = 56,
	number       = 4,
	pages        = {890--902},
	doi          = {10.1007/s00267-015-0571-4},
	issn         = {0364-152X},
	url          = {http://link.springer.com/10.1007/s00267-015-0571-4},
	journaltitle = {Environmental Management},
	date         = {2015-10-24}
}
@article{Lambertucci2009,
	title        = {Spatial and temporal patterns in the diet of the Andean condor: ecological replacement of native fauna by exotic species},
	author       = {Lambertucci, S. A. and Trejo, A. and Di Martino, S. and Sánchez-Zapata, J. A. and Donázar, J. A. and Hiraldo, F.},
	volume       = 12,
	number       = 4,
	pages        = {338--345},
	doi          = {10.1111/j.1469-1795.2009.00258.x},
	issn         = 13679430,
	url          = {http://doi.wiley.com/10.1111/j.1469-1795.2009.00258.x},
	journaltitle = {Animal Conservation},
	date         = {2009-08}
}
@article{Lambertucci2018,
	title        = {Tracking data and retrospective analyses of diet reveal the consequences of loss of marine subsidies for an obligate scavenger, the Andean condor},
	author       = {Lambertucci, Sergio A. and Navarro, Joan and Sanchez Zapata, José A. and Hobson, Keith A. and Alarcón, Pablo A. E. and Wiemeyer, Guillermo and Blanco, Guillermo and Hiraldo, Fernando and Donázar, José A.},
	volume       = 285,
	number       = 1879,
	pages        = 20180550,
	doi          = {10.1098/rspb.2018.0550},
	issn         = {0962-8452},
	url          = {https://royalsocietypublishing.org/doi/10.1098/rspb.2018.0550},
	journaltitle = {Proceedings of the Royal Society B: Biological Sciences},
	date         = {2018-05-30}
}
@article{Lande2002,
	title        = {Estimating density dependence from population time series using demographic theory and life-history data},
	author       = {Lande, R and Engen, S and Sæther, B E and Filli, F and Matthysen, E and Weimerskirch, H},
	volume       = 159,
	number       = 4,
	pages        = {321--337},
	doi          = {10.1086/338988},
	issn         = {0003-0147},
	url          = {http://www.ncbi.nlm.nih.gov/pubmed/18707418},
	note         = {{ISBN}: 00030147},
	journaltitle = {American Naturalist},
	date         = 2002,
	pmid         = 18707418
}
@article{Lande2006,
	title        = {Estimating Density Dependence from Time Series of Population Age Structure},
	author       = {Lande, Russell and Engen, Steinar and S�ther, Bernt Erik and Coulson, Tim},
	volume       = 168,
	number       = 1,
	pages        = {0},
	doi          = {10.1086/504851},
	issn         = {00030147},
	url          = {http://www.journals.uchicago.edu/cgi-bin/resolve?AN41303},
	note         = {{ISBN}: 00030147},
	journaltitle = {American Naturalist},
	date         = 2006,
	pmid         = 16685637
}
@article{Lefkovitch1965,
	title        = {The Study of Population Growth in Organisms Grouped by Stages},
	author       = {Lefkovitch, L. P.},
	volume       = 21,
	number       = 1,
	pages        = 1,
	doi          = {10.2307/2528348},
	issn         = {0006341X},
	url          = {https://www.jstor.org/stable/2528348?origin=crossref},
	journaltitle = {Biometrics},
	date         = {1965-03}
}
@article{lele_consequences_2020,
	title        = {Consequences of Lack of Parameterization Invariance of Non-informative Bayesian Analysis for Wildlife Management: Survival of San Joaquin Kit Fox and Declines in Amphibian Populations},
	shorttitle   = {Consequences of Lack of Parameterization Invariance of Non-informative Bayesian Analysis for Wildlife Management},
	author       = {Lele, Subhash R.},
	volume       = 7,
	pages        = 501,
	doi          = {10.3389/fevo.2019.00501},
	issn         = {2296-701X},
	url          = {https://www.frontiersin.org/article/10.3389/fevo.2019.00501/full},
	urldate      = {2021-05-13},
	journaltitle = {Frontiers in Ecology and Evolution},
	shortjournal = {Front. Ecol. Evol.},
	date         = {2020-01-21},
	langid       = {english}
}
@article{lele_data_2007,
	title        = {Data cloning: easy maximum likelihood estimation for complex ecological models using Bayesian Markov chain Monte Carlo methods},
	shorttitle   = {Data cloning},
	author       = {Lele, Subhash R. and Dennis, Brian and Lutscher, Frithjof},
	volume       = 10,
	number       = 7,
	pages        = {551--563},
	doi          = {10.1111/j.1461-0248.2007.01047.x},
	issn         = {1461-023X, 1461-0248},
	url          = {http://doi.wiley.com/10.1111/j.1461-0248.2007.01047.x},
	urldate      = {2021-05-13},
	note         = {{ISBN}: 1461-0248},
	journaltitle = {Ecology Letters},
	date         = {2007-07},
	pmid         = 17542934,
	shortjournal = {Ecol Letters},
	langid       = {english}
}
@article{lele_estimability_2010,
	title        = {Estimability and Likelihood Inference for Generalized Linear Mixed Models Using Data Cloning},
	author       = {Lele, Subhash R. and Nadeem, Khurram and Schmuland, Byron},
	volume       = 105,
	number       = 492,
	pages        = {1617--1625},
	doi          = {10.1198/jasa.2010.tm09757},
	issn         = {0162-1459, 1537-274X},
	url          = {https://www.tandfonline.com/doi/full/10.1198/jasa.2010.tm09757},
	urldate      = {2021-05-13},
	journaltitle = {Journal of the American Statistical Association},
	date         = {2010-12-01},
	shortjournal = {Journal of the American Statistical Association},
	langid       = {english}
}
@article{Llaneza2015,
	title        = {Indirect effects of changes in environmental and agricultural policies on the diet of wolves},
	author       = {Llaneza, Luis and López-Bao, José V.},
	volume       = 61,
	number       = 6,
	pages        = {895--902},
	doi          = {10.1007/s10344-015-0966-9},
	issn         = {1612-4642},
	url          = {http://link.springer.com/10.1007/s10344-015-0966-9},
	journaltitle = {European Journal of Wildlife Research},
	date         = {2015-12-05}
}
@article{Lopez-Bao2018,
	title        = {Slow transposition of European environmental policies},
	author       = {López-Bao, José Vicente and Margalida, Antoni},
	volume       = 2,
	number       = 6,
	pages        = {914--914},
	doi          = {10.1038/s41559-018-0565-8},
	issn         = {2397-334X},
	url          = {http://www.nature.com/articles/s41559-018-0565-8},
	journaltitle = {Nature Ecology \& Evolution},
	date         = {2018-06-07}
}
@report{MAPAMA2018,
	title        = {Informe epidemiológico final sobre las encefalopatías espongiformes transmisibles en España},
	author       = {{MAPAMA}},
	location     = {Madrid},
	pages        = 50,
	url          = {https://www.mapa.gob.es/es/ganaderia/temas/sanidad-animal-higiene-ganadera/sanidad-animal/enfermedades/encefalopatias-espongiformes-transmisibles/EETs.aspx},
	institution  = {Subdirección General de Sanidad e Higiene Animal y Trazabilidad, Ministerio de Agricultura, Pesca y Alimentación},
	date         = 2018
}
@article{Margalida2009,
	title        = {Too Sanitary for Vultures},
	author       = {Donazar, J. A. and Margalida, Antoni and Carrete, Martina and Sanchez-Zapata, José Antonio.},
	volume       = 326,
	number       = 5953,
	pages        = {664--664},
	doi          = {10.1126/science.326_664a},
	issn         = {0036-8075},
	url          = {http://www.sciencemag.org/cgi/doi/10.1126/science.326_664a},
	journaltitle = {Science},
	date         = {2009-10-30}
}
@article{Margalida2010,
	title        = {Sanitary versus environmental policies: fitting together two pieces of the puzzle of European vulture conservation},
	author       = {Margalida, Antoni and Donázar, José A. and Carrete, Martina and Sánchez-Zapata, José A.},
	volume       = 47,
	number       = 4,
	pages        = {931--935},
	doi          = {10.1111/j.1365-2664.2010.01835.x},
	issn         = {00218901},
	url          = {http://doi.wiley.com/10.1111/j.1365-2664.2010.01835.x},
	note         = {{ISBN}: 0021-8901},
	journaltitle = {Journal of Applied Ecology},
	date         = {2010-06-10}
}
@article{Margalida2011,
	title        = {Can wild ungulate carcasses provide enough biomass to maintain avian scavenger populations? an empirical assessment using a bio-inspired computational model},
	author       = {Margalida, Antoni and Colomer, Ma Àngels and Sanuy, Delfí},
	volume       = 6,
	number       = 5,
	doi          = {10.1371/journal.pone.0020248},
	issn         = 19326203,
	note         = {{ISBN}: 1932-6203 (Electronic){\textbackslash}r1932-6203 (Linking)},
	journaltitle = {{PLoS} {ONE}},
	date         = 2011,
	pmid         = 21629647
}
@article{Margalida2012,
	title        = {Modelling the effects of sanitary policies on European vulture conservation},
	author       = {Margalida, Antoni and Colomer, Ma Àngels},
	volume       = 2,
	number       = 1,
	pages        = 753,
	doi          = {10.1038/srep00753},
	issn         = {2045-2322},
	url          = {http://www.nature.com/articles/srep00753},
	note         = {{ISBN}: 2045-2322},
	journaltitle = {Scientific Reports},
	date         = 2012,
	pmid         = 23082243
}
@article{Margalida2014a,
	title        = {One Health approach to use of veterinary pharmaceuticals},
	author       = {Margalida, A and Bogliani, G and Bowden, C G R and Donazar, J. A. and Genero, F and Gilbert, M and Karesh, W B and Kock, R and Lubroth, J and Manteca, X and Naidoo, V and Neimanis, A and Sanchez-Zapata, J. A. and Taggart, M A and Vaarten, J and Yon, L and Kuiken, T and Green, R E},
	volume       = 346,
	number       = 6215,
	pages        = {1296--1298},
	doi          = {10.1126/science.1260260},
	issn         = {0036-8075},
	url          = {http://www.sciencemag.org/cgi/doi/10.1126/science.1260260},
	note         = {{ISBN}: 0036-8075},
	journaltitle = {Science},
	date         = {2014-12-12},
	pmid         = 25477214
}
@article{Margalida2014b,
	title        = {Man-induced activities modify demographic parameters in a long-lived species: effects of poisoning and health policies},
	author       = {Margalida, Antoni and Colomer, M. Àngels and Oro, Daniel},
	volume       = 24,
	number       = 3,
	pages        = {436--444},
	doi          = {10.1890/13-0414.1},
	issn         = {1051-0761},
	url          = {http://doi.wiley.com/10.1890/13-0414.1},
	journaltitle = {Ecological Applications},
	date         = {2014-04},
	pmid         = 24834731
}
@incollection{Margalida2017,
	title        = {Importance of Long-Term Studies to Conservation Practice: The Case of the Bearded Vulture in the Pyrenees},
	author       = {Margalida, Antoni},
	booktitle    = {High Mountain Conservation in a Changing World},
	volume       = 62,
	pages        = {343--383},
	doi          = {10.1007/978-3-319-55982-7},
	isbn         = {978-3-319-55981-0},
	url          = {http://link.springer.com/10.1007/978-3-319-55982-7},
	note         = {{ISSN}: 0003-0147},
	date         = 2017,
	pmid         = 2429,
	eprinttype   = {arxiv},
	eprint       = {1011.1669v3}
}
@article{Margalida2021,
	title        = {{Ban veterinary use of diclofenac in Europe}},
	author       = {Margalida, Antoni and Green, Rhys E. and Hiraldo, Fernando and Blanco, Guillermo and S{\'{a}}nchez-Zapata, Jos{\'{e}} A. and Santangeli, Andrea and Duriez, Olivier and Don{\'{a}}zar, Jos{\'{e}} A.},
	year         = 2021,
	month        = {may},
	journal      = {Science},
	volume       = 372,
	number       = 6543,
	pages        = {694.2--695},
	doi          = {10.1126/science.abj0131},
	issn         = {0036-8075},
	url          = {https://www.sciencemag.org/lookup/doi/10.1126/science.abj0131},
	editor       = {Sills, Jennifer}
}
@article{Martinez-Abrain2012,
	title        = {Effects of wind farms and food scarcity on a large scavenging bird species following an epidemic of bovine spongiform encephalopathy},
	author       = {Martínez-Abraín, Alejandro and Tavecchia, Giacomo and Regan, Helen M. and Jiménez, Juan and Surroca, Martín and Oro, Daniel},
	volume       = 49,
	number       = 1,
	pages        = {109--117},
	doi          = {10.1111/j.1365-2664.2011.02080.x},
	issn         = {00218901},
	url          = {http://doi.wiley.com/10.1111/j.1365-2664.2011.02080.x},
	note         = {{ISBN}: 0021-8901},
	journaltitle = {Journal of Applied Ecology},
	date         = {2012-02}
}
@article{Martinez1997,
	title        = {Effects of Monitoring Frequency on Estimates of Abundance, Age Distribution, and Productivity of Colonial Griffon Vultures},
	author       = {Martinez, Felix and Rodriguez, Rosa F and Blanco, Guillermo},
	volume       = 68,
	number       = 3,
	pages        = {392--399},
	url          = {https://www.jstor.org/stable/4514242},
	journaltitle = {Journal of Field Ornithology},
	date         = 1997
}
@article{Martinez1998,
	title        = {Rate, timing and success of clutch replacement by colonial griffon vultures Gyps fulvus},
	author       = {Martínez, Félix and Blanco, Guillermo and Rodríguez-Martínez, Rosa F.},
	volume       = 75,
	number       = 3,
	pages        = {145--148},
	issn         = {0030-5685},
	journaltitle = {Ornis Fennica},
	date         = 1998
}
@article{Mateo-Tomas2010b,
	title        = {When hunting benefits raptors: a case study of game species and vultures},
	author       = {Mateo-Tomás, Patricia and Olea, Pedro P.},
	volume       = 56,
	number       = 4,
	pages        = {519--528},
	doi          = {10.1007/s10344-009-0341-9},
	issn         = {1612-4642},
	url          = {http://link.springer.com/10.1007/s10344-009-0341-9},
	journaltitle = {European Journal of Wildlife Research},
	date         = {2010-08-18}
}
@article{Mateo-Tomas2015,
	title        = {From regional to global patterns in vertebrate scavenger communities subsidized by big game hunting},
	author       = {Mateo-Tomás, Patricia and Olea, Pedro P. and Moleón, Marcos and Vicente, Joaquín and Botella, Francisco and Selva, Nuria and Viñuela, Javier and Sánchez-Zapata, José Antonio},
	volume       = 21,
	number       = 8,
	pages        = {913--924},
	doi          = {10.1111/ddi.12330},
	issn         = 13669516,
	url          = {http://doi.wiley.com/10.1111/ddi.12330},
	journaltitle = {Diversity and Distributions},
	editor       = {Richardson, David M.},
	date         = {2015-08}
}
@article{Mateo-Tomas2019,
	title        = {Different criteria for implementing sanitary regulations lead to disparate outcomes for scavenger conservation},
	author       = {Mateo‐Tomás, Patricia and Olea, Pedro P. and López‐Bao, José Vicente and González‐Quirós, Pablo and Peón, Paloma},
	volume       = 56,
	number       = 3,
	pages        = {500--508},
	doi          = {10.1111/1365-2664.13293},
	issn         = {0021-8901},
	url          = {https://onlinelibrary.wiley.com/doi/abs/10.1111/1365-2664.13293},
	note         = {{ISBN}: 0000000167},
	journaltitle = {Journal of Applied Ecology},
	editor       = {Fuller, Richard},
	date         = {2019-03-16}
}
@article{Mihoub2011,
	title        = {Post-release dispersal in animal translocations: Social attraction and the "Vacuum Effect"},
	author       = {Mihoub, Jean Baptiste and Robert, Alexandre and Le Gouar, Pascaline and Sarrazin, François},
	volume       = 6,
	number       = 12,
	doi          = {10.1371/journal.pone.0027453},
	issn         = 19326203,
	journaltitle = {{PLoS} {ONE}},
	date         = 2011,
	pmid         = 22194784
}
@article{Miller2011,
	title        = {Thinking inside the box: Community-level consequences of stage-structured populations},
	author       = {Miller, Tom E X and Rudolf, Volker H W},
	volume       = 26,
	number       = 9,
	pages        = {457--466},
	doi          = {10.1016/j.tree.2011.05.005},
	issn         = {01695347},
	note         = {{ISBN}: 0169-5347},
	journaltitle = {Trends in Ecology and Evolution},
	date         = 2011,
	pmid         = 21680049
}
@article{Moleon2014,
	title        = {Humans and Scavengers: The Evolution of Interactions and Ecosystem Services},
	author       = {Moleón, Marcos and Sánchez-Zapata, José A. and Margalida, Antoni and Carrete, Martina and Owen-Smith, Norman and Donázar, José A.},
	volume       = 64,
	number       = 5,
	pages        = {394--403},
	doi          = {10.1093/biosci/biu034},
	issn         = {1525-3244},
	url          = {http://academic.oup.com/bioscience/article/64/5/394/2754213},
	note         = {{ISBN}: 0006-3568},
	journaltitle = {{BioScience}},
	date         = {2014-05-01}
}
@article{Moleon2014a,
	title        = {Inter-specific interactions linking predation and scavenging in terrestrial vertebrate assemblages},
	author       = {Moleón, Marcos and Sánchez-Zapata, José A. and Selva, Nuria and Donázar, José A. and Owen-Smith, Norman},
	volume       = 89,
	number       = 4,
	pages        = {1042--1054},
	doi          = {10.1111/brv.12097},
	issn         = 14647931,
	url          = {http://doi.wiley.com/10.1111/brv.12097},
	note         = {{ISBN}: 1464-7931},
	journaltitle = {Biological Reviews},
	date         = {2014-11},
	pmid         = 24602047
}
@book{Moral2018,
	title        = {El buitre leonado en España, población reproductora en 2018 y método de censo.},
	author       = {Del Moral, J. C. and Molina, B.},
	location     = {Madrid},
	publisher    = {{SEO}/{BirdLife}},
	doi          = {10.31170/0066},
	isbn         = {978-84-937351-3-5},
	url          = {https://www.seo.org/2019/09/06/censo-buitre-leonado-2018-espana/},
	date         = 2018
}
@article{Morales-Reyes2015,
	title        = {Supplanting ecosystem services provided by scavengers raises greenhouse gas emissions},
	author       = {Morales-Reyes, Zebensui and Pérez-García, Juan M. and Moleón, Marcos and Botella, Francisco and Carrete, Martina and Lazcano, Carolina and Moreno-Opo, Rubén and Margalida, Antoni and Donázar, José A. and Sánchez-Zapata, José A.},
	volume       = 5,
	number       = 1,
	pages        = 7811,
	doi          = {10.1038/srep07811},
	issn         = {2045-2322},
	url          = {http://www.nature.com/articles/srep07811},
	note         = {{ISBN}: 2045-2322},
	journaltitle = {Scientific Reports},
	date         = 2015,
	pmid         = 25589381
}
@article{Morales-Reyes2017,
	title        = {Evaluation of the network of protection areas for the feeding of scavengers in Spain: from biodiversity conservation to greenhouse gas emission savings},
	author       = {Morales-Reyes, Zebensui and Pérez-García, Juan M. and Moleón, Marcos and Botella, Francisco and Carrete, Martina and Donázar, José A. and Cortés-Avizanda, Ainara and Arrondo, Eneko and Moreno-Opo, Rubén and Jiménez, José and Margalida, Antoni and Sánchez-Zapata, José A.},
	volume       = 54,
	number       = 4,
	pages        = {1120--1129},
	doi          = {10.1111/1365-2664.12833},
	issn         = {00218901},
	url          = {http://doi.wiley.com/10.1111/1365-2664.12833},
	journaltitle = {Journal of Applied Ecology},
	editor       = {Villard, Marc-André},
	date         = {2017-08}
}
@article{Mutshinda2011,
	title        = {A multispecies perspective on ecological impacts of climatic forcing},
	author       = {Mutshinda, Crispin M. and O’Hara, Robert B. and Woiwod, Ian P.},
	volume       = 80,
	number       = 1,
	pages        = {101--107},
	doi          = {10.1111/j.1365-2656.2010.01743.x},
	issn         = {00218790},
	url          = {http://doi.wiley.com/10.1111/j.1365-2656.2010.01743.x},
	note         = {{ISBN}: 0021-8790},
	journaltitle = {Journal of Animal Ecology},
	date         = {2011-01},
	pmid         = 20809921
}
@article{Needs2011,
	title        = {Good News for European Vultures},
	author       = {Needs, Global Endemism and Integration, Spatial},
	volume       = 305,
	number       = 2004,
	pages        = {8--10},
	journaltitle = {Nature},
	date         = 2011
}
@article{Northrup2012,
	title        = {{Mad cow policy and management of grizzly bear incidents}},
	author       = {Northrup, Joseph M. and Boyce, Mark S.},
	year         = 2012,
	journal      = {Wildlife Society Bulletin},
	volume       = 36,
	number       = 3,
	pages        = {499--505},
	doi          = {10.1002/wsb.167},
	issn         = {00917648},
	url          = {http://doi.wiley.com/10.1002/wsb.167},
	urldate      = {2021-05-13},
	journaltitle = {Wildlife Society Bulletin},
	shortjournal = {Wildlife Society Bulletin},
	date         = {2012-09},
	langid       = {english}
}
@article{Oaks2004,
	title        = {Diclofenac residues as the cause of vulture population decline in Pakistan},
	author       = {Oaks, J. Lindsay and Gilbert, Martin and Virani, Munir Z. and Watson, Richard T. and Meteyer, Carol U. and Rideout, Bruce A. and Shivaprasad, H. L. and Ahmed, Shakeel and Iqbal Chaudhry, Muhammad Jamshed and Arshad, Muhammad and Mahmood, Shahid and Ali, Ahmad and Ahmed Khan, Aleem},
	volume       = 427,
	number       = 6975,
	pages        = {630--633},
	doi          = {10.1038/nature02317},
	issn         = {0028-0836},
	url          = {http://www.nature.com/doifinder/10.1038/nature02317},
	note         = {{ISBN}: 0028-0836},
	journaltitle = {Nature},
	date         = 2004,
	pmid         = 14745453
}
@article{OBryan2018,
	title        = {The contribution of predators and scavengers to human well-being},
	author       = {O’Bryan, Christopher J. and Braczkowski, Alexander R. and Beyer, Hawthorne L. and Carter, Neil H. and Watson, James E. M. and {McDonald}-Madden, Eve},
	volume       = 2,
	number       = 2,
	pages        = {229--236},
	doi          = {10.1038/s41559-017-0421-2},
	issn         = {2397-334X},
	url          = {http://www.nature.com/articles/s41559-017-0421-2},
	journaltitle = {Nature Ecology \& Evolution},
	date         = {2018-02-18}
}
@article{Ogada2012,
	title        = {Dropping dead: causes and consequences of vulture population declines worldwide},
	author       = {Ogada, Darcy L. and Keesing, Felicia and Virani, Munir Z.},
	volume       = 1249,
	number       = 1,
	pages        = {57--71},
	doi          = {10.1111/j.1749-6632.2011.06293.x},
	issn         = {00778923},
	url          = {http://doi.wiley.com/10.1111/j.1749-6632.2011.06293.x},
	journaltitle = {Annals of the New York Academy of Sciences},
	date         = {2012-02}
}
@article{OHara2009,
	title        = {{A review of Bayesian variable selection methods: what, how and which}},
	author       = {O'Hara, R. B. and Sillanp{\"{a}}{\"{a}}, M. J.},
	year         = 2009,
	month        = {3},
	journal      = {Bayesian Analysis},
	volume       = 4,
	number       = 1,
	pages        = {85--117},
	doi          = {10.1214/09-BA403},
	issn         = {1936-0975},
	url          = {http://projecteuclid.org/euclid.ba/1340370391},
}
@article{Olea2009,
	title        = {The role of traditional farming practices in ecosystem conservation: The case of transhumance and vultures},
	author       = {Olea, Pedro P. and Mateo-Tomás, Patricia},
	volume       = 142,
	number       = 8,
	pages        = {1844--1853},
	doi          = {10.1016/j.biocon.2009.03.024},
	issn         = {00063207},
	url          = {https://linkinghub.elsevier.com/retrieve/pii/S0006320709001608},
	note         = {Publisher: Elsevier Ltd},
	journaltitle = {Biological Conservation},
	date         = {2009-08}
}
@article{OleaGarciaFalagan1999,
	title        = {Expansión del Buitre Leonado Gyps fulvus: tamaño de la población y parámetros reproductores en un área de reciente colonización},
	author       = {Olea, Pedro P. and García, Jvier and Falagán, Jorge},
	volume       = 46,
	number       = 1,
	pages        = {81--88},
	journaltitle = {Ardeola},
	date         = 1999
}
@article{Oro2013,
	title        = {Ecological and evolutionary implications of food subsidies from humans},
	author       = {Oro, Daniel and Genovart, Meritxell and Tavecchia, Giacomo and Fowler, Mike S. and Martínez-Abraín, Alejandro},
	volume       = 16,
	number       = 12,
	pages        = {1501--1514},
	doi          = {10.1111/ele.12187},
	issn         = {1461023X},
	url          = {http://doi.wiley.com/10.1111/ele.12187},
	note         = {{ISBN}: 1461-0248},
	journaltitle = {Ecology Letters},
	editor       = {Worm, Boris},
	date         = {2013-12},
	pmid         = 24134225
}
@article{Ostfeld2000,
	title        = {Pulsed resources and community dynamics of consumers in terrestrial ecosystems},
	author       = {Ostfeld, Richard S. and Keesing, Felicia},
	volume       = 15,
	number       = 6,
	pages        = {232--237},
	doi          = {10.1016/S0169-5347(00)01862-0},
	issn         = {01695347},
	url          = {https://linkinghub.elsevier.com/retrieve/pii/S0169534700018620},
	note         = {Publisher: Elsevier},
	journaltitle = {Trends in Ecology \& Evolution},
	date         = {2000-06}
}
@book{Otto2011,
	title        = {{A Biologist's Guide to Mathematical Modeling in Ecology and Evolution}},
	author       = {Otto, Sarah P. and Day, Troy},
	year         = 2011,
	month        = {9},
	booktitle    = {A Biologist's Guide to Mathematical Modeling in Ecology and Evolution},
	publisher    = {Princeton University Press},
	doi          = {10.2307/j.ctvcm4hnd},
	isbn         = 9781400840915,
	url          = {http://www.jstor.org/stable/10.2307/j.ctvcm4hnd},
}
@article{Parra2004,
	title        = {The increase in the Spanish population of Griffon Vulture Gyps fulvus during 1989–1999: effects of food and nest site availability},
	author       = {Parra, J and Tellería, J. L.},
	volume       = 14,
	number       = 1,
	pages        = {33--41},
	doi          = {10.1017/S0959270904000048},
	issn         = {0959-2709},
	url          = {http://www.journals.cambridge.org/abstract_S0959270904000048},
	journaltitle = {Bird Conservation International},
	date         = {2004-03-22}
}
@article{Payo-Payo2016,
	title        = {Consecutive cohort effects driven by density-dependence and climate influence early-life survival in a long-lived bird},
	author       = {Payo-Payo, A. and Genovart, M. and Bertolero, A. and Pradel, R. and Oro, D.},
	volume       = 283,
	number       = 1829,
	pages        = 20153042,
	doi          = {10.1098/rspb.2015.3042},
	issn         = {0962-8452},
	url          = {https://royalsocietypublishing.org/doi/10.1098/rspb.2015.3042},
	journaltitle = {Proceedings of the Royal Society B: Biological Sciences},
	date         = {2016-04-27}
}
@article{Perry2013,
	title        = {Current drivers and future directions of global livestock disease dynamics},
	author       = {Perry, B. D. and Grace, D. and Sones, K.},
	volume       = 110,
	number       = 52,
	pages        = {20871--20877},
	doi          = {10.1073/pnas.1012953108},
	issn         = {0027-8424},
	url          = {http://www.pnas.org/cgi/doi/10.1073/pnas.1012953108},
	note         = {{ISBN}: 1091-6490 (Electronic){\textbackslash}r0027-8424 (Linking)},
	journaltitle = {Proceedings of the National Academy of Sciences of the {USA}},
	date         = 2013,
	pmid         = 21576468
}
@article{Peshev2018,
	title        = {Seasonal and spatial dynamics of the population of the Griffon Vulture gyps fulvus (Hablizl, 1783) (Aves: Accipitridae) in Southwestern Bulgaria},
	author       = {Peshev, Hristo and Stoynov, Emilian and Parvanov, Dimitar and Grozdanov, Atanas},
	volume       = 70,
	pages        = {67--75},
	issn         = {03240770},
	journaltitle = {Acta Zoologica Bulgarica},
	date         = 2018
}
@article{Pfister2002,
	title        = {Patterns of variance in stage-structured populations: Evolutionary predictions and ecological implications},
	author       = {Pfister, C. A.},
	volume       = 95,
	number       = 1,
	pages        = {213--218},
	doi          = {10.1073/pnas.95.1.213},
	issn         = {0027-8424},
	url          = {http://www.pnas.org/cgi/doi/10.1073/pnas.95.1.213},
	journaltitle = {Proceedings of the National Academy of Sciences},
	date         = {1998-01-06}
}
@inproceedings{Plummer2003,
	title        = {{JAGS}: A program for analysis of Bayesian graphical models using Gibbs sampling},
	author       = {Plummer, Martyn},
	booktitle    = {Proceedings of the 3rd International Workshop on Distributed Statistical Computing, March},
	pages        = {20--30},
	doi          = {10.1.1.13.3406},
	note         = {{ISSN}: 1609395X},
	date         = 2003
}
@software{Plummer2015a,
	title        = {{JAGS} Version 4.3.0 user manual},
	author       = {Plummer, Martyn},
	date         = 2017
}
@article{ponciano_assessing_2012,
	title        = {Assessing Parameter Identifiability in Phylogenetic Models Using Data Cloning},
	author       = {Ponciano, José Miguel and Burleigh, J. Gordon and Braun, Edward L. and Taper, Mark L.},
	volume       = 61,
	number       = 6,
	pages        = {955--972},
	doi          = {10.1093/sysbio/sys055},
	issn         = {1076-836X, 1063-5157},
	url          = {https://academic.oup.com/sysbio/article/61/6/955/1665068},
	urldate      = {2021-05-13},
	journaltitle = {Systematic Biology},
	date         = {2012-12-01},
	pmid         = 22649181,
	langid       = {english}
}
@article{ponciano_hierarchical_2009,
	title        = {Hierarchical models in ecology: confidence intervals, hypothesis testing, and model selection using data cloning},
	shorttitle   = {Hierarchical models in ecology},
	author       = {Ponciano, José Miguel and Taper, Mark L. and Dennis, Brian and Lele, Subhash R.},
	volume       = 90,
	number       = 2,
	pages        = {356--362},
	doi          = {10.1890/08-0967.1},
	issn         = {0012-9658},
	url          = {http://doi.wiley.com/10.1890/08-0967.1},
	urldate      = {2021-05-13},
	journaltitle = {Ecology},
	date         = {2009-02},
	shortjournal = {Ecology},
	langid       = {english}
}
@article{Putman2004,
	title        = {Supplementary winter feeding of wild red deer Cervus elaphus in Europe and North America: justifications, feeding practice and effectiveness},
	author       = {Putman, R. J. and Staines, B. W.},
	volume       = 34,
	number       = 4,
	pages        = {285--306},
	doi          = {10.1111/j.1365-2907.2004.00044.x},
	issn         = {0305-1838},
	url          = {http://doi.wiley.com/10.1111/j.1365-2907.2004.00044.x},
	journaltitle = {Mammal Review},
	date         = {2004-12}
}
@software{R2020,
	title        = {R: A Language and Environment for Statistical Computing},
	author       = {{RCoreTeam}},
	location     = {Vienna, Austria},
	publisher    = {R Foundation for Statistical Computing},
	url          = {https://www.r-project.org/},
	date         = 2020
}
@book{Ranta2006,
	title        = {Ecology of Populations},
	author       = {Ranta, Esa and Lundberg, Per and Kaitala, Veijo},
	location     = {Cambridge, {UK}},
	publisher    = {Cambridge University Press},
	date         = 2006
}
@article{Riecke2019a,
	title        = {Estimating correlations among demographic parameters in population models},
	author       = {Riecke, Thomas V and Sedinger, Benjamin S and Williams, Perry J and Leach, Alan G and Sedinger, James S},
	pages        = {ece3.5809},
	doi          = {10.1002/ece3.5809},
	issn         = {2045-7758},
	url          = {https://onlinelibrary.wiley.com/doi/abs/10.1002/ece3.5809},
	issue        = {July},
	journaltitle = {Ecology and Evolution},
	date         = {2019-11-21}
}
@article{Rivot2004,
	title        = {A Bayesian state-space modelling framework for fitting a salmon stage-structured population dynamic model to multiple time series of field data},
	author       = {Rivot, E. and Prévost, E. and Parent, E. and Baglinière, J.L.},
	volume       = 179,
	number       = 4,
	pages        = {463--485},
	doi          = {10.1016/j.ecolmodel.2004.05.011},
	issn         = {03043800},
	url          = {https://linkinghub.elsevier.com/retrieve/pii/S0304380004002728},
	journaltitle = {Ecological Modelling},
	date         = {2004-12}
}
@article{Robert2004,
	title        = {Releasing adults versus young in reintroductions: Interactions between demography and genetics},
	author       = {Robert, Alexandre and Sarrazin, François and Couvet, Denis and Legendre, Stéphane},
	volume       = 18,
	number       = 4,
	pages        = {1078--1087},
	doi          = {10.1111/j.1523-1739.2004.00218.x},
	issn         = {08888892},
	journaltitle = {Conservation Biology},
	date         = 2004
}
@book{Roff2002,
	title        = {Life history evolution},
	author       = {Roff, D. A.},
	location     = {Sunderland, {MA}},
	publisher    = {Sinauer Associattes},
	date         = 2002
}
@article{Rotella2019,
	title        = {Evaluating the demographic buffering hypothesis with vital rates estimated for Weddell seals from 30 years of mark-recapture data},
	author       = {Rotella, Jay J and Link, William A and Chambert, Thierry and Stauffer, Glenn E and Garrott, Robert A},
	volume       = 81,
	number       = 1,
	pages        = {162--173},
	doi          = {10.1111/j.1365-2656.2011.01902.x},
	issn         = {00218790},
	url          = {http://doi.wiley.com/10.1111/j.1365-2656.2011.01902.x},
	journaltitle = {Journal of Animal Ecology},
	date         = {2012-01}
}
@article{Saether2000,
	title        = {Avian life history variation and contribution of demographic traits to the population growth rate},
	author       = {Saether, Bernt-Erik and Bakke, Oyvind},
	volume       = 81,
	number       = 3,
	pages        = {642--653},
	doi          = {10.1890/0012-9658(2000)081[0642:ALHVAC]2.0.CO;2},
	issn         = {0012-9658},
	url          = {https://doi.org/10.1890/0012-9658(2000)081[0642:ALHVAC]2.0.CO;2},
	note         = {{ISBN}: 0012-9658},
	journaltitle = {Ecology},
	date         = 2000,
	pmid         = 2480
}
@article{Sæther2013,
	title        = {How Life History Influences Population Dynamics in Fluctuating Environments},
	author       = {Sæther, Bernt-Erik and Coulson, Tim and Grøtan, Vidar and Engen, Steinar and Altwegg, Res and Armitage, Kenneth B. and Barbraud, Christophe and Becker, Peter H. and Blumstein, Daniel T. and Dobson, F. Stephen and Festa-Bianchet, Marco and Gaillard, Jean-Michel and Jenkins, Andrew and Jones, Carl and Nicoll, Malcolm A. C. and Norris, Ken and Oli, Madan K. and Ozgul, Arpat and Weimerskirch, Henri},
	volume       = 182,
	number       = 6,
	pages        = {743--759},
	doi          = {10.1086/673497},
	issn         = {0003-0147},
	url          = {https://www.journals.uchicago.edu/doi/10.1086/673497},
	journaltitle = {The American Naturalist},
	date         = {2013-12},
	pmid         = 24231536
}
@article{Sanz-Aguilar2017,
	title        = {Sex- and age-dependent patterns of survival and breeding success in a long-lived endangered avian scavenger},
	author       = {Sanz-Aguilar, Ana and Cortés-Avizanda, Ainara and Serrano, David and Blanco, Guillermo and Ceballos, Olga and Grande, Juan M. and Tella, José L. and Donázar, José A.},
	volume       = 7,
	number       = 1,
	pages        = 40204,
	doi          = {10.1038/srep40204},
	issn         = {2045-2322},
	url          = {http://dx.doi.org/10.1038/srep40204},
	note         = {Publisher: Nature Publishing Group},
	journaltitle = {Scientific Reports},
	date         = {2017-02-11},
	pmid         = 28074860
}
@article{Sarrazin1996,
	title        = {Breeding biology during establishment of a reintroduced Griffon Vulture Gyps fulvus population},
	author       = {{SARRAZIN}, {FRANÇOIS} and {BAGNOLINP}, {CONSTANT} and {PINNA}, {JEAN} {LOUIS} and {DANCHIN}, {ETIENNE}},
	volume       = 138,
	number       = 2,
	pages        = {315--325},
	doi          = {10.1111/j.1474-919X.1996.tb04344.x},
	issn         = {00191019},
	url          = {http://doi.wiley.com/10.1111/j.1474-919X.1996.tb04344.x},
	journaltitle = {Ibis},
	date         = {2008-06-28}
}
@article{Sarrazin2000,
	title        = {Demographic Approach to Releasing Adults versus Young in Reintroductions},
	author       = {Sarrazin, François and Legendre, Stéphane},
	volume       = 14,
	number       = 2,
	pages        = {488--500},
	doi          = {10.1046/j.1523-1739.2000.97305.x},
	issn         = {0888-8892},
	url          = {https://onlinelibrary.wiley.com/doi/abs/10.1046/j.1523-1739.2000.97305.x},
	journaltitle = {Conservation Biology},
	date         = {2000-04-09}
}
@article{Serrano2020,
	title        = {{Renewables in Spain threaten biodiversity}},
	author       = {Serrano, David and Margalida, Antoni and P{\'{e}}rez-Garc{\'{i}}a, Juan M. and Juste, Javier and Traba, Juan and Valera, Francisco and Carrete, Martina and Aihartza, Joxerra and Real, Joan and Ma{\~{n}}osa, Santi and Flaquer, Carles and Garin, Inazio and Morales, Manuel B. and Alcalde, J. Tom{\'{a}}s and Arroyo, Beatriz and S{\'{a}}nchez-Zapata, Jos{\'{e}} A. and Blanco, Guillermo and Negro, Juan J. and Tella, Jos{\'{e}} L. and Iba{\~{n}}ez, Carlos and Teller{\'{i}}a, Jos{\'{e}} L. and Hiraldo, Fernando and Don{\'{a}}zar, Jos{\'{e}} A.},
	year         = 2020,
	month        = {dec},
	journal      = {Science},
	volume       = 370,
	number       = 6522,
	pages        = {1282--1283},
	doi          = {10.1126/science.abf6509},
	issn         = {0036-8075},
	url          = {https://www.sciencemag.org/lookup/doi/10.1126/science.abf6509},
	editor       = {Sills, Jennifer}
}
@article{solymos_dclone_2010,
	title        = {dclone: Data Cloning in R},
	shorttitle   = {dclone},
	author       = {Sólymos, Péter},
	volume       = 2,
	number       = 2,
	pages        = 29,
	doi          = {10.32614/RJ-2010-011},
	issn         = {2073-4859},
	url          = {https://journal.r-project.org/archive/2010/RJ-2010-011/index.html},
	urldate      = {2021-05-13},
	journaltitle = {The R Journal},
	date         = 2010,
	shortjournal = {The R Journal},
	langid       = {english}
}
@article{Stearns1994,
	title        = {Fitness Sensitivity and the Canalization of Life-History Traits},
	author       = {Stearns, Stephen C. and Kawecki, Tadeusz J.},
	volume       = 48,
	number       = 5,
	pages        = 1438,
	doi          = {10.2307/2410238},
	issn         = {00143820},
	url          = {https://www.jstor.org/stable/2410238?origin=crossref},
	journaltitle = {Evolution},
	date         = {1994-10}
}
@article{Steyaert2018,
	title        = {Special delivery: scavengers direct seed dispersal towards ungulate carcasses.},
	author       = {Steyaert, S M J G and Frank, S C and Puliti, S and Badia, R and Arnberg, M P and Beardsley, J and Økelsrud, A and Blaalid, R},
	volume       = 14,
	number       = 8,
	pages        = 20180388,
	doi          = {10.1098/rsbl.2018.0388},
	issn         = {1744-957X},
	url          = {http://www.ncbi.nlm.nih.gov/pubmed/30111659},
	journaltitle = {Biology letters},
	date         = 2018,
	pmid         = 30111659
}
@article{Tella2001,
	title        = {Action is needed now, or {BSE} crisis could wipe out endangered birds of prey},
	author       = {Tella, Jose L.},
	volume       = 410,
	number       = 6827,
	pages        = {408--408},
	doi          = {10.1038/35068717},
	issn         = {0028-0836},
	url          = {http://www.nature.com/articles/35068717},
	journaltitle = {Nature},
	date         = {2001-03}
}
@article{VanBeest2008,
	title        = {Population dynamics and spatial distribution of Griffon Vultures ( Gyps fulvus ) in Portugal},
	author       = {van Beest, Floris and van den Bremer, Loes and de Boer, Willem F. and Heitkönig, Ignas M. A. and Monteiro, Antonio E.},
	volume       = 18,
	number       = 2,
	pages        = {102--117},
	doi          = {10.1017/S0959270908000129},
	issn         = {0959-2709},
	url          = {https://www.cambridge.org/core/product/identifier/S0959270908000129/type/journal_article},
	journaltitle = {Bird Conservation International},
	date         = {2008-06-20}
}
@article{VanderWaal2018,
	title        = {Global trends in infectious diseases of swine},
	author       = {{VanderWaal}, Kimberly and Deen, John},
	volume       = 115,
	number       = 45,
	pages        = {11495--11500},
	doi          = {10.1073/pnas.1806068115},
	issn         = {0027-8424},
	url          = {http://www.pnas.org/lookup/doi/10.1073/pnas.1806068115},
	journaltitle = {Proceedings of the National Academy of Sciences},
	date         = {2018-11-06}
}
@article{Villaverde2016,
	title        = {Structural Identifiability of Dynamic Systems Biology Models},
	author       = {Villaverde, Alejandro F. and Barreiro, Antonio and Papachristodoulou, Antonis},
	volume       = 12,
	number       = 10,
	pages        = {e1005153},
	doi          = {10.1371/journal.pcbi.1005153},
	issn         = {1553-7358},
	url          = {https://dx.plos.org/10.1371/journal.pcbi.1005153},
	note         = {{ISBN}: 1553-734X},
	journaltitle = {{PLOS} Computational Biology},
	editor       = {Miyano, Satoru},
	date         = {2016-10-28},
	pmid         = 27792726
}
@article{Villaverde2019,
	title        = {Observability and Structural Identifiability of Nonlinear Biological Systems},
	author       = {Villaverde, Alejandro F.},
	volume       = 2019,
	pages        = {1--12},
	doi          = {10.1155/2019/8497093},
	issn         = {1076-2787},
	url          = {https://www.hindawi.com/journals/complexity/2019/8497093/},
	journaltitle = {Complexity},
	date         = {2019-01-01},
	eprinttype   = {arxiv},
	eprint       = {1812.04525}
}
@article{Wielgus2008,
	title        = {A noninvasive demographic assessment of sea lions based on stage-specific abundances},
	author       = {Wielgus, Jeffrey and Gonzalez-Suarez, Manuela and Aurioles-Gamboa, David and Gerber, Leah R},
	volume       = 18,
	number       = 5,
	pages        = {1287--1296},
	doi          = {10.1890/07-0892.1},
	issn         = {1051-0761},
	url          = {http://doi.wiley.com/10.1890/07-0892.1},
	note         = {{ISBN}: 1051-0761},
	journaltitle = {Ecological Applications},
	date         = {2008-07},
	pmid         = 18686587
}
@book{Williams2002,
	title        = {Analysis and management of animal populations},
	author       = {Williams, B. K. and Nichols, J. D. and Conroy, M. J.},
	location     = {San Diego, {CA}},
	publisher    = {Academic Press},
	date         = 2002
}
@article{Wood1994,
	title        = {Obtaining Birth and Mortality Patterns From Structured Population Trajectories},
	author       = {Wood, S.N.},
	volume       = 64,
	number       = 1,
	pages        = {23--44},
	doi          = {10.2307/2937054},
	issn         = {00129615},
	url          = {http://doi.wiley.com/10.2307/2937054},
	note         = {{ISBN}: 0012-9615},
	journaltitle = {Ecological Monographs},
	date         = {1994-02},
	pmid         = 12319698
}
@incollection{Wood1997,
	title        = {Inverse Problems and Structured-Population Dynamics},
	author       = {Wood, S. N.},
	booktitle    = {Structured-Population Models in Marine, Terrestrial, and Freshwater Systems},
	location     = {Boston, {MA}},
	publisher    = {Springer {US}},
	pages        = {555--586},
	doi          = {10.1007/978-1-4615-5973-3_19},
	url          = {http://link.springer.com/10.1007/978-1-4615-5973-3_19},
	date         = 1997
}
@article{Xirouchakis2010,
	title        = {Breeding biology and reproductive performance of Griffon Vultures Gyps fulvus on the island of Crete (Greece)},
	author       = {Xirouchakis, Stavros M.},
	volume       = 57,
	number       = 2,
	pages        = {213--225},
	doi          = {10.1080/00063650903505754},
	issn         = {0006-3657},
	url          = {https://www.tandfonline.com/doi/full/10.1080/00063650903505754},
	journaltitle = {Bird Study},
	date         = {2010-05-01}
}
@article{Zuberogoitia2013,
	title        = {Foraging movements of Eurasian griffon vultures (Gyps fulvus): Implications for supplementary feeding management},
	author       = {Zuberogoitia, Iñigo and González-Oreja, José Antonio and Martínez, José Enrique and Zabala, Jabi and Gómez, Imanol and López-López, Pascual},
	volume       = 59,
	number       = 3,
	pages        = {421--429},
	doi          = {10.1007/s10344-012-0687-2},
	issn         = 16124642,
	journaltitle = {European Journal of Wildlife Research},
	date         = 2013
}
@article{Zuberogoitia2019,
	title        = {Factors affecting population regulation of a colonial vulture},
	author       = {Zuberogoitia, Iñigo and Martínez, José Enrique and González‐Oreja, José Antonio and Pérez de Ana, Juan Manuel and Zabala, Jabi},
	volume       = 161,
	number       = 4,
	pages        = {878--889},
	doi          = {10.1111/ibi.12687},
	issn         = {0019-1019},
	url          = {https://onlinelibrary.wiley.com/doi/abs/10.1111/ibi.12687},
	journaltitle = {Ibis},
	date         = {2019-10-07}
}
